@article{DBLP:journals/corr/abs-1907-09408,
  author    = {Licheng Jiao and
               Fan Zhang and
               Fang Liu and
               Shuyuan Yang and
               Lingling Li and
               Zhixi Feng and
               Rong Qu},
  title     = {A Survey of Deep Learning-based Object Detection},
  journal   = {CoRR},
  volume    = {abs/1907.09408},
  year      = {2019},
  url       = {http://arxiv.org/abs/1907.09408},
  archivePrefix = {arXiv},
  eprint    = {1907.09408},
  timestamp = {Tue, 03 Sep 2019 08:30:30 +0200},
  biburl    = {https://dblp.org/rec/bib/journals/corr/abs-1907-09408},
  bibsource = {dblp computer science bibliography, https://dblp.org}
}
@article{DBLP:journals/corr/abs-1905-05055,
  author    = {Zhengxia Zou and
               Zhenwei Shi and
               Yuhong Guo and
               Jieping Ye},
  title     = {Object Detection in 20 Years: {A} Survey},
  journal   = {CoRR},
  volume    = {abs/1905.05055},
  year      = {2019},
  url       = {http://arxiv.org/abs/1905.05055},
  archivePrefix = {arXiv},
  eprint    = {1905.05055},
  timestamp = {Tue, 28 May 2019 12:48:08 +0200},
  biburl    = {https://dblp.org/rec/bib/journals/corr/abs-1905-05055},
  bibsource = {dblp computer science bibliography, https://dblp.org}
}
@article{biederman1987recognition,
  title={Recognition-by-components: a theory of human image understanding.},
  author={Biederman, Irving},
  journal={Psychological review},
  volume={94},
  number={2},
  pages={115},
  year={1987},
  publisher={American Psychological Association}
}
@inproceedings{felzenszwalb2008discriminatively,
  title={A discriminatively trained, multiscale, deformable part model},
  author={Felzenszwalb, Pedro and McAllester, David and Ramanan, Deva},
  booktitle={2008 IEEE conference on computer vision and pattern recognition},
  pages={1--8},
  year={2008},
  organization={IEEE}
}
@article{fischler1973representation,
  title={The representation and matching of pictorial structures},
  author={Fischler, Martin A and Elschlager, Robert A},
  journal={IEEE Transactions on computers},
  number={1},
  pages={67--92},
  year={1973},
  publisher={IEEE}
}
@article{leibe2008robust,
  title={Robust object detection with interleaved categorization and segmentation},
  author={Leibe, Bastian and Leonardis, Ale{\v{s}} and Schiele, Bernt},
  journal={International journal of computer vision},
  volume={77},
  number={1-3},
  pages={259--289},
  year={2008},
  publisher={Springer}
}
@inproceedings{gavrila1999real,
  title={Real-time object detection for" smart" vehicles},
  author={Gavrila, Dariu M and Philomin, Vasanth},
  booktitle={Proceedings of the Seventh IEEE International Conference on Computer Vision},
  volume={1},
  pages={87--93},
  year={1999},
  organization={IEEE}
}
@article{belongie2002shape,
  title={Shape matching and object recognition using shape contexts},
  author={Belongie, Serge and Malik, Jitendra and Puzicha, Jan},
  journal={IEEE Transactions on Pattern Analysis \& Machine Intelligence},
  number={4},
  pages={509--522},
  year={2002},
  publisher={IEEE}
}
@inproceedings{wu2005detection,
  title={Detection of multiple, partially occluded humans in a single image by bayesian combination of edgelet part detectors},
  author={Wu, Bo and Nevatia, Ramakant},
  booktitle={Tenth IEEE International Conference on Computer Vision (ICCV'05) Volume 1},
  volume={1},
  pages={90--97},
  year={2005},
  organization={IEEE}
}
@article{turk1991eigenfaces,
  title={Eigenfaces for recognition},
  author={Turk, Matthew and Pentland, Alex},
  journal={Journal of cognitive neuroscience},
  volume={3},
  number={1},
  pages={71--86},
  year={1991},
  publisher={MIT Press}
}
@article{pentland1994view,
  title={View-based and modular eigenspaces for face recognition},
  author={Pentland, Alex and Moghaddam, Baback and Starner, Thad and others},
  year={1994},
  publisher={Citeseer}
}
@inproceedings{long2015fully,
  title={Fully convolutional networks for semantic segmentation},
  author={Long, Jonathan and Shelhamer, Evan and Darrell, Trevor},
  booktitle={Proceedings of the IEEE conference on computer vision and pattern recognition},
  pages={3431--3440},
  year={2015}
}
@article{chen2014semantic,
  title={Semantic image segmentation with deep convolutional nets and fully connected crfs},
  author={Chen, Liang-Chieh and Papandreou, George and Kokkinos, Iasonas and Murphy, Kevin and Yuille, Alan L},
  journal={arXiv preprint arXiv:1412.7062},
  year={2014}
}
@article{felzenszwalb2009object,
  title={Object detection with discriminatively trained part-based models},
  author={Felzenszwalb, Pedro F and Girshick, Ross B and McAllester, David and Ramanan, Deva},
  journal={IEEE transactions on pattern analysis and machine intelligence},
  volume={32},
  number={9},
  pages={1627--1645},
  year={2009},
  publisher={IEEE}
}
@article{malisiewicz2011ensemble,
  title={Ensemble of exemplar-svms for object detection and beyond},
  author={Malisiewicz, Tomasz and Gupta, Abhinav and Efros, Alexei},
  year={2011},
  publisher={figshare}
}
@inproceedings{alexe2010object,
  title={What is an object?},
  author={Alexe, Bogdan and Deselaers, Thomas and Ferrari, Vittorio},
  booktitle={2010 IEEE Computer Society Conference on Computer Vision and Pattern Recognition},
  pages={73--80},
  year={2010},
  organization={IEEE}
}
@book{malisiewicz2011exemplar,
  title={Exemplar-based representations for object detection, association and beyond},
  author={Malisiewicz, Tomasz},
  year={2011},
  publisher={Carnegie Mellon University}
}
@article{vaillant1994original,
  title={Original approach for the localisation of objects in images},
  author={Vaillant, R{\'e}gis and Monrocq, Christophe and Le Cun, Yann},
  journal={IEE Proceedings-Vision, Image and Signal Processing},
  volume={141},
  number={4},
  pages={245--250},
  year={1994},
  publisher={IET}
}
@article{lecun1998gradient,
  title={Gradient-based learning applied to document recognition},
  author={LeCun, Yann and Bottou, L{\'e}on and Bengio, Yoshua and Haffner, Patrick and others},
  journal={Proceedings of the IEEE},
  volume={86},
  number={11},
  pages={2278--2324},
  year={1998},
  publisher={Taipei, Taiwan}
}
@inproceedings{DBLP:conf/cvpr/HwangPKCK15,
  author    = {Soonmin Hwang and
               Jaesik Park and
               Namil Kim and
               Yukyung Choi and
               In So Kweon},
  title     = {Multispectral pedestrian detection: Benchmark dataset and baseline},
  booktitle = {{IEEE} Conference on Computer Vision and Pattern Recognition, {CVPR}
               2015, Boston, MA, USA, June 7-12, 2015},
  pages     = {1037--1045},
  year      = {2015},
  crossref  = {DBLP:conf/cvpr/2015},
  url       = {https://doi.org/10.1109/CVPR.2015.7298706},
  doi       = {10.1109/CVPR.2015.7298706},
  timestamp = {Wed, 16 Oct 2019 14:14:50 +0200},
  biburl    = {https://dblp.org/rec/bib/conf/cvpr/HwangPKCK15},
  bibsource = {dblp computer science bibliography, https://dblp.org}
}
@proceedings{DBLP:conf/cvpr/2015,
  title     = {{IEEE} Conference on Computer Vision and Pattern Recognition, {CVPR}
               2015, Boston, MA, USA, June 7-12, 2015},
  publisher = {{IEEE} Computer Society},
  year      = {2015},
  url       = {https://ieeexplore.ieee.org/xpl/conhome/7293313/proceeding},
  isbn      = {978-1-4673-6964-0},
  timestamp = {Wed, 16 Oct 2019 14:14:50 +0200},
  biburl    = {https://dblp.org/rec/bib/conf/cvpr/2015},
  bibsource = {dblp computer science bibliography, https://dblp.org}
}
@inproceedings{dutta2019vgg,
  author = {Dutta, Abhishek and Zisserman, Andrew},
  title = {The {VIA} Annotation Software for Images, Audio and Video},
  booktitle = {Proceedings of the 27th ACM International Conference on Multimedia},
  series = {MM '19},
  year = {2019},
  isbn = {978-1-4503-6889-6/19/10},
  location = {Nice, France},
  numpages = {4},
  url = {https://doi.org/10.1145/3343031.3350535},
  doi = {10.1145/3343031.3350535},
  publisher = {ACM},
  address = {New York, NY, USA},
} 

@misc{dutta2016via,
  author = "Dutta, A. and Gupta, A. and Zissermann, A.",
  title = "{VGG} Image Annotator ({VIA})",
  year = "2016",  
  howpublished = "http://www.robots.ox.ac.uk/~vgg/software/via/",  
  note = "Version: X.Y.Z, Accessed: INSERT_DATE_HERE" 
}
@misc{FLIRAdas,
  title = {FREE FLIR Thermal Dataset for Algorithm Training},
  howpublished = {\url{https://www.flir.com/oem/adas/adas-dataset-form/}},
  note = {Accessed: 2019-11-20}
}
@inproceedings{bienkowski2012,
author = {Bienkowski, L. and Homma, C. and Eisler, K. and Boller, Christian},
year = {2012},
month = {01},
pages = {},
title = {Hybrid Camera and Real-View Thermography for Nondestructive Evaluation},
doi = {10.21611/qirt.2012.254}
}
@misc{PMT,
   author = {Piotr Doll\'ar},
   title = {{P}iotr's {C}omputer {V}ision {M}atlab {T}oolbox ({PMT})},
   howpublished = {\url{https://github.com/pdollar/toolbox}}
}
@book{Goodfellow-et-al-2016,
    title={Deep Learning},
    author={Ian Goodfellow and Yoshua Bengio and Aaron Courville},
    publisher={MIT Press},
    note={\url{http://www.deeplearningbook.org}},
    year={2016}
}
@article{5288526,
author={S. J. {Pan} and Q. {Yang}},
journal={IEEE Transactions on Knowledge and Data Engineering},
title={A Survey on Transfer Learning},
year={2010},
volume={22},
number={10},
pages={1345-1359},
keywords={knowledge engineering;learning by example;optimisation;unsupervised learning;machine learning;data mining;knowledge transfer;inductive transfer learning;transductive transfer learning;unsupervised transfer learning;Machine learning;Training data;Data mining;Knowledge transfer;Space technology;Knowledge engineering;Machine learning algorithms;Labeling;Learning systems;Testing;Transfer learning;survey;machine learning;data mining.},
doi={10.1109/TKDE.2009.191},
ISSN={2326-3865},
month={Oct},
}
@article{DBLP:journals/corr/abs-1805-09501,
  author    = {Ekin Dogus Cubuk and
               Barret Zoph and
               Dandelion Man{\'{e}} and
               Vijay Vasudevan and
               Quoc V. Le},
  title     = {AutoAugment: Learning Augmentation Policies from Data},
  journal   = {CoRR},
  volume    = {abs/1805.09501},
  year      = {2018},
  url       = {http://arxiv.org/abs/1805.09501},
  archivePrefix = {arXiv},
  eprint    = {1805.09501},
  timestamp = {Mon, 13 Aug 2018 16:48:44 +0200},
  biburl    = {https://dblp.org/rec/bib/journals/corr/abs-1805-09501},
  bibsource = {dblp computer science bibliography, https://dblp.org}
}
@article{DBLP:journals/corr/SchulmanWDRK17,
  author    = {John Schulman and
               Filip Wolski and
               Prafulla Dhariwal and
               Alec Radford and
               Oleg Klimov},
  title     = {Proximal Policy Optimization Algorithms},
  journal   = {CoRR},
  volume    = {abs/1707.06347},
  year      = {2017},
  url       = {http://arxiv.org/abs/1707.06347},
  archivePrefix = {arXiv},
  eprint    = {1707.06347},
  timestamp = {Mon, 13 Aug 2018 16:47:34 +0200},
  biburl    = {https://dblp.org/rec/bib/journals/corr/SchulmanWDRK17},
  bibsource = {dblp computer science bibliography, https://dblp.org}
}
@article{DBLP:journals/corr/abs-1906-11172,
  author    = {Barret Zoph and
               Ekin D. Cubuk and
               Golnaz Ghiasi and
               Tsung{-}Yi Lin and
               Jonathon Shlens and
               Quoc V. Le},
  title     = {Learning Data Augmentation Strategies for Object Detection},
  journal   = {CoRR},
  volume    = {abs/1906.11172},
  year      = {2019},
  url       = {http://arxiv.org/abs/1906.11172},
  archivePrefix = {arXiv},
  eprint    = {1906.11172},
  timestamp = {Thu, 27 Jun 2019 18:54:51 +0200},
  biburl    = {https://dblp.org/rec/bib/journals/corr/abs-1906-11172},
  bibsource = {dblp computer science bibliography, https://dblp.org}
}
@article{DBLP:journals/corr/abs-1909-13719,
  author    = {Ekin D. Cubuk and
               Barret Zoph and
               Jonathon Shlens and
               Quoc V. Le},
  title     = {RandAugment: Practical data augmentation with no separate search},
  journal   = {CoRR},
  volume    = {abs/1909.13719},
  year      = {2019},
  url       = {http://arxiv.org/abs/1909.13719},
  archivePrefix = {arXiv},
  eprint    = {1909.13719},
  timestamp = {Wed, 02 Oct 2019 13:04:08 +0200},
  biburl    = {https://dblp.org/rec/bib/journals/corr/abs-1909-13719},
  bibsource = {dblp computer science bibliography, https://dblp.org}
}